@article{Velloso2013,
  author =        {Velloso, E and Bulling, A and Gellerson, H and Ugulino, W and Fuks, H},
  journal =       {Proceedings of 4th International Conference in Cooperation with SIGCHI (Augmented Human '13)},
  title =         {{Qualitative Activity Recognition of Weight Lifting Exercises}},
  volume =        {ACM SIGCHI, 2013},
  year =          {2013},
}